% This file was created with JabRef 2.9.2.
% Encoding: UTF8


@inproceedings{Yang:1998:SRO:290941.290953,
	author = {Yang, Yiming and Pierce, Tom and Carbonell, Jaime},
	title = {A Study of Retrospective and On-line Event Detection},
	booktitle = {Proceedings of the 21st Annual International ACM SIGIR Conference on Research and Development in Information Retrieval},
	series = {SIGIR '98},
	year = {1998},
	isbn = {1-58113-015-5},
	location = {Melbourne, Australia},
	pages = {28--36},
	numpages = {9},
	url = {http://doi.acm.org/10.1145/290941.290953},
	doi = {10.1145/290941.290953},
	acmid = {290953},
	publisher = {ACM},
	address = {New York, NY, USA},
} 

@inproceedings{Petrovic:LSH,
	author = {Petrovi\'{c}, Sa\v{s}a and Osborne, Miles and Lavrenko, Victor},
	title = {Streaming First Story Detection with Application to Twitter},
	booktitle = {Human Language Technologies: The 2010 Annual Conference of the North American Chapter of the Association for Computational Linguistics},
	series = {HLT '10},
	year = {2010},
	isbn = {1-932432-65-5},
	location = {Los Angeles, California},
	pages = {181--189},
	numpages = {9},
	url = {http://dl.acm.org/citation.cfm?id=1857999.1858020},
	acmid = {1858020},
	publisher = {Association for Computational Linguistics},
	address = {Stroudsburg, PA, USA},
} 

@INPROCEEDINGS{SwitPhuvipadawat, 
	author={S. Phuvipadawat and T. Murata}, 
	booktitle={2010 IEEE/WIC/ACM International Conference on Web Intelligence and Intelligent Agent Technology}, 
	title={Breaking News Detection and Tracking in Twitter}, 
	year={2010}, 
	volume={3}, 
	pages={120-123}, 
	keywords={information retrieval;social networking (online);Hotstream;Twitter;breaking news detection;breaking news tracking;popularity factor;reliability factor;short length messages;Feature extraction;Indexing;Nominations and elections;Real time systems;Reliability;Twitter;User-generated content;Information Retrieval;Real-time text-mining;Topic Detection and Tracking;Twitter}, 
	doi={10.1109/WI-IAT.2010.205}, 
	month={Aug},}

@incollection{Fiscus:TDTDefinition,
	author = {Fiscus, Jonathan G. and Doddington, George R.},
	chapter = {Topic Detection and Tracking Evaluation Overview},
	title = {Topic Detection and Tracking},
	editor = {Allan, James},
	year = {2002},
	isbn = {0-7923-7664-1},
	pages = {17--31},
	numpages = {15},
	url = {http://dl.acm.org/citation.cfm?id=772260.772263},
	acmid = {772263},
	publisher = {Kluwer Academic Publishers},
	address = {Norwell, MA, USA},
}