% This file was created with JabRef 2.9.2.
% Encoding: UTF8

@book{IntroToDM,
	title={Introduction to Data Mining},
	author={Tan, P.N. and Steinbach, M. and Kumar, V.},
	isbn={9780273769224},
	url={https://books.google.com.vn/books?id=T0dzMAEACAAJ},
	year={2014},
	publisher={Pearson Education, Limited}
}

@book{IntroToIR,
	author = {Manning, Christopher D. and Raghavan, Prabhakar and Sch\"{u}tze, Hinrich},
	title = {Introduction to Information Retrieval},
	year = {2008},
	isbn = {0521865719, 9780521865715},
	publisher = {Cambridge University Press},
	address = {New York, NY, USA},
} 
========================RELATED WORK SECTION================================
@inproceedings{TwiterStand:Sankaranarayanan,
	author = {Sankaranarayanan, Jagan and Samet, Hanan and Teitler, Benjamin E. and Lieberman, Michael D. and Sperling, Jon},
	title = {TwitterStand: News in Tweets},
	booktitle = {Proceedings of the 17th ACM SIGSPATIAL International Conference on Advances in Geographic Information Systems},
	series = {GIS '09},
	year = {2009},
	isbn = {978-1-60558-649-6},
	location = {Seattle, Washington},
	pages = {42--51},
	numpages = {10},
	url = {http://doi.acm.org/10.1145/1653771.1653781},
	doi = {10.1145/1653771.1653781},
	acmid = {1653781},
	publisher = {ACM},
	address = {New York, NY, USA},
	keywords = {Twitter, geotagging, news, online clustering},
} 


=============================================================================
@incollection{Fiscus:TDTDefinition,
	author = {Fiscus, Jonathan G. and Doddington, George R.},
	chapter = {Topic Detection and Tracking Evaluation Overview},
	title = {Topic Detection and Tracking},
	editor = {Allan, James},
	year = {2002},
	isbn = {0-7923-7664-1},
	pages = {17--31},
	numpages = {15},
	url = {http://dl.acm.org/citation.cfm?id=772260.772263},
	acmid = {772263},
	publisher = {Kluwer Academic Publishers},
	address = {Norwell, MA, USA},
}

@incollection{Allan:2002:ITD:772260.772262,
	author = {Allan, James},
	chapter = {Introduction to Topic Detection and Tracking},
	title = {Topic Detection and Tracking},
	editor = {Allan, James},
	year = {2002},
	isbn = {0-7923-7664-1},
	pages = {1--16},
	numpages = {16},
	url = {http://dl.acm.org/citation.cfm?id=772260.772262},
	acmid = {772262},
	publisher = {Kluwer Academic Publishers},
	address = {Norwell, MA, USA},
} 

@incollection{An:2017,
	author = {Le, An K.},
	chapter = {The Hot News Detection Problem and Approaches},
	title = {Vietnamese Hot News Detection From Twitter},
	editor = {An, Tin},
	year = {2017},
	pages = {6--26},
	numpages = {6},
	address = {Ho Chi Minh, Vietnam},
} 

@book{allan2012topic,
	title={Topic Detection and Tracking: Event-based Information Organization},
	author={Allan, James},
	isbn={9781461509332},
	series={The Information Retrieval Series},
	url={https://books.google.com.vn/books?id=XgfrBwAAQBAJ},
	year={2012},
	publisher={Springer US}
}

@incollection{zechner:history,
	title={The Past, Present and Future of Text Classification},
	author={Zechner, Niklas},
	isbn={9780769550626},
	series={Intelligence and Security Informatics Conference (EISIC), 2013 European},
	url={http://ieeexplore.ieee.org/document/6657172/},
	year={2013},
	publisher={IEEE}
}

@inproceedings{Sahami1998ABA,
  title={A Bayesian Approach to Filtering Junk E-Mail},
  author={Mehran Sahami and Susan T. Dumais and David Heckerman and Eric Horvitz},
  year={1998}
}

@inproceedings{Gyongyi:2004:CWS:1316689.1316740,
  author = {Gy\"{o}ngyi, Zolt\'{a}n and Garcia-Molina, Hector and Pedersen, Jan},
  title = {Combating Web Spam with Trustrank},
  booktitle = {Proceedings of the Thirtieth International Conference on Very Large Data Bases - Volume 30},
  series = {VLDB '04},
  year = {2004},
  isbn = {0-12-088469-0},
  location = {Toronto, Canada},
  pages = {576--587},
  numpages = {12},
  url = {http://dl.acm.org/citation.cfm?id=1316689.1316740},
  acmid = {1316740},
  publisher = {VLDB Endowment},
}
@misc{rothwell2004intelligent,
  title={Intelligent SPAM detection system using an updateable neural analysis engine},
  author={Rothwell, A.C. and Jagger, L.D. and Dennis, W.R. and Clarke, D.R.},
  url={https://www.google.com/patents/US6769016},
  year={2004},
  month=jul # "~27",
  publisher={Google Patents},
  note={US Patent 6,769,016}
}

@article{jin,
author = {Jin, Xin and Xide Lin, Cindy and Luo, Jiebo and Han, Jiawei},
year = {2011},
month = {08},
pages = {1458-1461},
title = {SocialSpamGuard: A Data Mining-Based Spam Detection System for Social Media Networks.},
volume = {4},
booktitle = {PVLDB}
}

@INPROCEEDINGS{5741690,
author={A. H. Wang},
booktitle={2010 International Conference on Security and Cryptography (SECRYPT)},
title={Don't follow me: Spam detection in Twitter},
year={2010},
volume={},
number={},
pages={1-10},
keywords={Bayesian methods;Crawlers;Feature extraction;Twitter;Unsolicited electronic mail;Classification;Machine learning;Social network security;Spam detection},
doi={},
ISSN={},
month={July},}

@article{IDRIS201533,
title = "A combined negative selection algorithm–particle swarm optimization for an email spam detection system",
journal = "Engineering Applications of Artificial Intelligence",
volume = "39",
number = "Supplement C",
pages = "33 - 44",
year = "2015",
issn = "0952-1976",
doi = "https://doi.org/10.1016/j.engappai.2014.11.001",
url = "http://www.sciencedirect.com/science/article/pii/S0952197614002656",
author = "Ismaila Idris and Ali Selamat and Ngoc Thanh Nguyen and Sigeru Omatu and Ondrej Krejcar and Kamil Kuca and Marek Penhaker",
keywords = "Negative selection algorithm, Differential evolution, Particle swarm optimization, spam detectors"
}

@article{benczur,
  author = {Benczúr, András and Csalogány, Károly and Sarlós, Tamás and Uher, Máté},
  year = {2017},
  month = {12},
  pages = {},
  title = {SpamRank - Fully Automatic Link Spam Detection Work in progress}
}

@inproceedings{John1995,
  address = {San Mateo},
  author = {George H. John and Pat Langley},
  booktitle = {Eleventh Conference on Uncertainty in Artificial Intelligence},
  pages = {338-345},
  publisher = {Morgan Kaufmann},
  title = {Estimating Continuous Distributions in Bayesian Classifiers},
  year = {1995}
}
@article{dimitoglou2012comparison,
 title={Comparison of the C4. 5 and a Na{\"\i}ve Bayes classifier for the prediction of lung cancer survivability},
 author={Dimitoglou, George and Adams, James A and Jim, Carol M},
 journal={arXiv preprint arXiv:1206.1121},
 year={2012}
}

@inproceedings{Indyk:LSH-Definition,
	author = {Indyk, Piotr and Motwani, Rajeev},
	title = {Approximate Nearest Neighbors: Towards Removing the Curse of Dimensionality},
	booktitle = {Proceedings of the Thirtieth Annual ACM Symposium on Theory of Computing},
	series = {STOC '98},
	year = {1998},
	isbn = {0-89791-962-9},
	location = {Dallas, Texas, USA},
	pages = {604--613},
	numpages = {10},
	url = {http://doi.acm.org/10.1145/276698.276876},
	doi = {10.1145/276698.276876},
	acmid = {276876},
	publisher = {ACM},
	address = {New York, NY, USA},
}

@article{Fawcett:2006:IRA:1159473.1159475,
  author = {Fawcett, Tom},
  title = {An Introduction to ROC Analysis},
  journal = {Pattern Recogn. Lett.},
  issue_date = {June 2006},
  volume = {27},
  number = {8},
  month = jun,
  year = {2006},
  issn = {0167-8655},
  pages = {861--874},
  numpages = {14},
  url = {http://dx.doi.org/10.1016/j.patrec.2005.10.010},
  doi = {10.1016/j.patrec.2005.10.010},
  acmid = {1159475},
  publisher = {Elsevier Science Inc.},
  address = {New York, NY, USA},
  keywords = {Classifier evaluation, Evaluation metrics, ROC
              analysis},
}

@incollection{SparckJones:1988:SIT:106765.106782,
  author = {Sparck Jones, Karen},
  chapter = {A Statistical Interpretation of Term Specificity and Its Application in Retrieval},
  title = {Document Retrieval Systems},
  editor = {Willett, Peter},
  year = {1988},
  isbn = {0-947568-21-2},
  pages = {132--142},
  numpages = {11},
  url = {http://dl.acm.org/citation.cfm?id=106765.106782},
  acmid = {106782},
  publisher = {Taylor Graham Publishing},
  address = {London, UK, UK},
}

@article{mikolov:word2vec,
  author = {Mikolov, Tomas and Chen, Kai and Corrado, G.s and Dean, Jeffrey},
  year = {2013},
  month = {01},
  pages = {},
  title = {Efficient Estimation of Word Representations in Vector Space},
  volume = {2013},
  booktitle = {Proceedings of Workshop at ICLR}
}

@Article{Cortes1995,
author="Cortes, Corinna
and Vapnik, Vladimir",
title="Support-vector networks",
journal="Machine Learning",
year="1995",
month="Sep",
day="01",
volume="20",
number="3",
pages="273--297",
issn="1573-0565",
doi="10.1007/BF00994018",
url="https://doi.org/10.1007/BF00994018"}

@INPROCEEDINGS{Allan00detectionsbounds,
	author = {James Allan and Victor Lavrenko and Daniella Malin and Russell Swan},
	title = {Detections, Bounds, and Timelines: UMass and TDT-3},
	booktitle = {In Proceedings of Topic Detection and Tracking Workshop (TDT-3)},
	year = {2000}
}
@inproceedings{Yang:1998:SRO:290941.290953,
	author = {Yang, Yiming and Pierce, Tom and Carbonell, Jaime},
	title = {A Study of Retrospective and On-line Event Detection},
	booktitle = {Proceedings of the 21st Annual International ACM SIGIR Conference on Research and Development in Information Retrieval},
	series = {SIGIR '98},
	year = {1998},
	isbn = {1-58113-015-5},
	location = {Melbourne, Australia},
	pages = {28--36},
	numpages = {9},
	url = {http://doi.acm.org/10.1145/290941.290953},
	doi = {10.1145/290941.290953},
	acmid = {290953},
	publisher = {ACM},
	address = {New York, NY, USA},
} 

@inproceedings{Petrovic:LSH,
	author = {Petrovi\'{c}, Sa\v{s}a and Osborne, Miles and Lavrenko, Victor},
	title = {Streaming First Story Detection with Application to Twitter},
	booktitle = {Human Language Technologies: The 2010 Annual Conference of the North American Chapter of the Association for Computational Linguistics},
	series = {HLT '10},
	year = {2010},
	isbn = {1-932432-65-5},
	location = {Los Angeles, California},
	pages = {181--189},
	numpages = {9},
	url = {http://dl.acm.org/citation.cfm?id=1857999.1858020},
	acmid = {1858020},
	publisher = {Association for Computational Linguistics},
	address = {Stroudsburg, PA, USA},
} 

@book{rajaraman_ullman_2011,
  place={Cambridge},
  title={Mining of Massive Datasets},
  DOI={10.1017/CBO9781139058452},
  publisher={Cambridge University Press},
  author={Rajaraman, Anand and Ullman, Jeffrey David},
  year={2011}
}

@Article{Beel2016,
  author="Beel, Joeran
  and Gipp, Bela
  and Langer, Stefan
  and Breitinger, Corinna",
  title="Research-paper recommender systems: a literature survey",
  journal="International Journal on Digital Libraries",
  year="2016",
  month="Nov",
  day="01",
  volume="17",
  number="4",
  pages="305--338",
  issn="1432-1300",
  doi="10.1007/s00799-015-0156-0",
  url="https://doi.org/10.1007/s00799-015-0156-0"
}

@INPROCEEDINGS{SwitPhuvipadawat, 
	author={S. Phuvipadawat and T. Murata}, 
	booktitle={2010 IEEE/WIC/ACM International Conference on Web Intelligence and Intelligent Agent Technology}, 
	title={Breaking News Detection and Tracking in Twitter}, 
	year={2010}, 
	volume={3}, 
	pages={120-123}, 
	keywords={information retrieval;social networking (online);Hotstream;Twitter;breaking news detection;breaking news tracking;popularity factor;reliability factor;short length messages;Feature extraction;Indexing;Nominations and elections;Real time systems;Reliability;Twitter;User-generated content;Information Retrieval;Real-time text-mining;Topic Detection and Tracking;Twitter}, 
	doi={10.1109/WI-IAT.2010.205}, 
	month={Aug},}

@article{dunn1973fuzzy2,
	author = {Dunn, J. C.},
	title = {A Fuzzy Relative of the ISODATA Process and Its Use in Detecting Compact Well-Separated Clusters},
	journal = {Journal of Cybernetics},
	year = 1973,
	volume = {3},
	number = {3},
	pages = {32-57},
	doi = {10.1080/01969727308546046}
}

@online{TDT2004Annotation2,
	title = {TDT 2004: Annotation Manual},
	year = 2004,
	url = {https://catalog.ldc.upenn.edu/docs/LDC2006T19/TDT2004V1.2.pdf},
	urldate = {2016-12-6}
}

@misc{TDT2004Annotation,
	title = "TDT 2004: Annotation Manual",
	year = "2004",
	howpublished = {\url{https://catalog.ldc.upenn.edu/docs/LDC2006T19/TDT2004V1.2.pdf}},
	note = {Accessed: 2016-12-6}
}